%YAML 1.1
%TAG !u! tag:unity3d.com,2011:
--- !u!1 &7456136171493016632
GameObject:
  m_ObjectHideFlags: 0
  m_CorrespondingSourceObject: {fileID: 0}
  m_PrefabInstance: {fileID: 0}
  m_PrefabAsset: {fileID: 0}
  serializedVersion: 6
  m_Component:
  - component: {fileID: 8092275317570781689}
  m_Layer: 0
  m_Name: Wall 2x15 with Small Door
  m_TagString: Untagged
  m_Icon: {fileID: 0}
  m_NavMeshLayer: 0
  m_StaticEditorFlags: 0
  m_IsActive: 1
--- !u!4 &8092275317570781689
Transform:
  m_ObjectHideFlags: 0
  m_CorrespondingSourceObject: {fileID: 0}
  m_PrefabInstance: {fileID: 0}
  m_PrefabAsset: {fileID: 0}
  m_GameObject: {fileID: 7456136171493016632}
  m_LocalRotation: {x: 0, y: 0, z: 0, w: 1}
  m_LocalPosition: {x: 0, y: 0, z: 0}
  m_LocalScale: {x: 1, y: 1, z: 1}
  m_Children:
  - {fileID: 2754764242415260014}
  - {fileID: 5403563094125281545}
  - {fileID: 6647681734979121286}
  - {fileID: 6647681735204285854}
  m_Father: {fileID: 0}
  m_RootOrder: 0
  m_LocalEulerAnglesHint: {x: 0, y: 0, z: 0}
--- !u!1001 &1433975680052498955
PrefabInstance:
  m_ObjectHideFlags: 0
  serializedVersion: 2
  m_Modification:
    m_TransformParent: {fileID: 8092275317570781689}
    m_Modifications:
    - target: {fileID: 3881084951126868837, guid: 4922cd05f347fc64ab7ffcfe24a5a09e,
        type: 3}
      propertyPath: m_RootOrder
      value: 0
      objectReference: {fileID: 0}
    - target: {fileID: 3881084951126868837, guid: 4922cd05f347fc64ab7ffcfe24a5a09e,
        type: 3}
      propertyPath: m_LocalPosition.x
      value: 0
      objectReference: {fileID: 0}
    - target: {fileID: 3881084951126868837, guid: 4922cd05f347fc64ab7ffcfe24a5a09e,
        type: 3}
      propertyPath: m_LocalPosition.y
      value: 0
      objectReference: {fileID: 0}
    - target: {fileID: 3881084951126868837, guid: 4922cd05f347fc64ab7ffcfe24a5a09e,
        type: 3}
      propertyPath: m_LocalPosition.z
      value: 21
      objectReference: {fileID: 0}
    - target: {fileID: 3881084951126868837, guid: 4922cd05f347fc64ab7ffcfe24a5a09e,
        type: 3}
      propertyPath: m_LocalRotation.w
      value: 1
      objectReference: {fileID: 0}
    - target: {fileID: 3881084951126868837, guid: 4922cd05f347fc64ab7ffcfe24a5a09e,
        type: 3}
      propertyPath: m_LocalRotation.x
      value: -0
      objectReference: {fileID: 0}
    - target: {fileID: 3881084951126868837, guid: 4922cd05f347fc64ab7ffcfe24a5a09e,
        type: 3}
      propertyPath: m_LocalRotation.y
      value: -0
      objectReference: {fileID: 0}
    - target: {fileID: 3881084951126868837, guid: 4922cd05f347fc64ab7ffcfe24a5a09e,
        type: 3}
      propertyPath: m_LocalRotation.z
      value: -0
      objectReference: {fileID: 0}
    - target: {fileID: 3881084951126868837, guid: 4922cd05f347fc64ab7ffcfe24a5a09e,
        type: 3}
      propertyPath: m_LocalEulerAnglesHint.x
      value: 0
      objectReference: {fileID: 0}
    - target: {fileID: 3881084951126868837, guid: 4922cd05f347fc64ab7ffcfe24a5a09e,
        type: 3}
      propertyPath: m_LocalEulerAnglesHint.y
      value: 0
      objectReference: {fileID: 0}
    - target: {fileID: 3881084951126868837, guid: 4922cd05f347fc64ab7ffcfe24a5a09e,
        type: 3}
      propertyPath: m_LocalEulerAnglesHint.z
      value: 0
      objectReference: {fileID: 0}
    - target: {fileID: 5298790192311292475, guid: 4922cd05f347fc64ab7ffcfe24a5a09e,
        type: 3}
      propertyPath: m_Name
      value: Wall 2x3 with Door
      objectReference: {fileID: 0}
    m_RemovedComponents: []
  m_SourcePrefab: {fileID: 100100000, guid: 4922cd05f347fc64ab7ffcfe24a5a09e, type: 3}
--- !u!4 &2754764242415260014 stripped
Transform:
  m_CorrespondingSourceObject: {fileID: 3881084951126868837, guid: 4922cd05f347fc64ab7ffcfe24a5a09e,
    type: 3}
  m_PrefabInstance: {fileID: 1433975680052498955}
  m_PrefabAsset: {fileID: 0}
--- !u!1001 &7165043999772681643
PrefabInstance:
  m_ObjectHideFlags: 0
  serializedVersion: 2
  m_Modification:
    m_TransformParent: {fileID: 8092275317570781689}
    m_Modifications:
    - target: {fileID: 2995467214032807074, guid: 8c441f368e096db4fb81495e19dfe9d2,
        type: 3}
      propertyPath: m_RootOrder
      value: 1
      objectReference: {fileID: 0}
    - target: {fileID: 2995467214032807074, guid: 8c441f368e096db4fb81495e19dfe9d2,
        type: 3}
      propertyPath: m_LocalPosition.x
      value: 0
      objectReference: {fileID: 0}
    - target: {fileID: 2995467214032807074, guid: 8c441f368e096db4fb81495e19dfe9d2,
        type: 3}
      propertyPath: m_LocalPosition.y
      value: 0
      objectReference: {fileID: 0}
    - target: {fileID: 2995467214032807074, guid: 8c441f368e096db4fb81495e19dfe9d2,
        type: 3}
      propertyPath: m_LocalPosition.z
      value: 3
      objectReference: {fileID: 0}
    - target: {fileID: 2995467214032807074, guid: 8c441f368e096db4fb81495e19dfe9d2,
        type: 3}
      propertyPath: m_LocalRotation.w
      value: 1
      objectReference: {fileID: 0}
    - target: {fileID: 2995467214032807074, guid: 8c441f368e096db4fb81495e19dfe9d2,
        type: 3}
      propertyPath: m_LocalRotation.x
      value: -0
      objectReference: {fileID: 0}
    - target: {fileID: 2995467214032807074, guid: 8c441f368e096db4fb81495e19dfe9d2,
        type: 3}
      propertyPath: m_LocalRotation.y
      value: -0
      objectReference: {fileID: 0}
    - target: {fileID: 2995467214032807074, guid: 8c441f368e096db4fb81495e19dfe9d2,
        type: 3}
      propertyPath: m_LocalRotation.z
      value: -0
      objectReference: {fileID: 0}
    - target: {fileID: 2995467214032807074, guid: 8c441f368e096db4fb81495e19dfe9d2,
        type: 3}
      propertyPath: m_LocalEulerAnglesHint.x
      value: 0
      objectReference: {fileID: 0}
    - target: {fileID: 2995467214032807074, guid: 8c441f368e096db4fb81495e19dfe9d2,
        type: 3}
      propertyPath: m_LocalEulerAnglesHint.y
      value: 0
      objectReference: {fileID: 0}
    - target: {fileID: 2995467214032807074, guid: 8c441f368e096db4fb81495e19dfe9d2,
        type: 3}
      propertyPath: m_LocalEulerAnglesHint.z
      value: 0
      objectReference: {fileID: 0}
    - target: {fileID: 6181047720963274236, guid: 8c441f368e096db4fb81495e19dfe9d2,
        type: 3}
      propertyPath: m_Name
      value: Wall 2x3
      objectReference: {fileID: 0}
    m_RemovedComponents: []
  m_SourcePrefab: {fileID: 100100000, guid: 8c441f368e096db4fb81495e19dfe9d2, type: 3}
--- !u!4 &5403563094125281545 stripped
Transform:
  m_CorrespondingSourceObject: {fileID: 2995467214032807074, guid: 8c441f368e096db4fb81495e19dfe9d2,
    type: 3}
  m_PrefabInstance: {fileID: 7165043999772681643}
  m_PrefabAsset: {fileID: 0}
--- !u!1001 &8490207643069385020
PrefabInstance:
  m_ObjectHideFlags: 0
  serializedVersion: 2
  m_Modification:
    m_TransformParent: {fileID: 8092275317570781689}
    m_Modifications:
    - target: {fileID: 2995467214032807074, guid: 8c441f368e096db4fb81495e19dfe9d2,
        type: 3}
      propertyPath: m_RootOrder
      value: 3
      objectReference: {fileID: 0}
    - target: {fileID: 2995467214032807074, guid: 8c441f368e096db4fb81495e19dfe9d2,
        type: 3}
      propertyPath: m_LocalPosition.x
      value: 0
      objectReference: {fileID: 0}
    - target: {fileID: 2995467214032807074, guid: 8c441f368e096db4fb81495e19dfe9d2,
        type: 3}
      propertyPath: m_LocalPosition.y
      value: 0
      objectReference: {fileID: 0}
    - target: {fileID: 2995467214032807074, guid: 8c441f368e096db4fb81495e19dfe9d2,
        type: 3}
      propertyPath: m_LocalPosition.z
      value: 30
      objectReference: {fileID: 0}
    - target: {fileID: 2995467214032807074, guid: 8c441f368e096db4fb81495e19dfe9d2,
        type: 3}
      propertyPath: m_LocalRotation.w
      value: 1
      objectReference: {fileID: 0}
    - target: {fileID: 2995467214032807074, guid: 8c441f368e096db4fb81495e19dfe9d2,
        type: 3}
      propertyPath: m_LocalRotation.x
      value: -0
      objectReference: {fileID: 0}
    - target: {fileID: 2995467214032807074, guid: 8c441f368e096db4fb81495e19dfe9d2,
        type: 3}
      propertyPath: m_LocalRotation.y
      value: -0
      objectReference: {fileID: 0}
    - target: {fileID: 2995467214032807074, guid: 8c441f368e096db4fb81495e19dfe9d2,
        type: 3}
      propertyPath: m_LocalRotation.z
      value: -0
      objectReference: {fileID: 0}
    - target: {fileID: 2995467214032807074, guid: 8c441f368e096db4fb81495e19dfe9d2,
        type: 3}
      propertyPath: m_LocalEulerAnglesHint.x
      value: 0
      objectReference: {fileID: 0}
    - target: {fileID: 2995467214032807074, guid: 8c441f368e096db4fb81495e19dfe9d2,
        type: 3}
      propertyPath: m_LocalEulerAnglesHint.y
      value: 0
      objectReference: {fileID: 0}
    - target: {fileID: 2995467214032807074, guid: 8c441f368e096db4fb81495e19dfe9d2,
        type: 3}
      propertyPath: m_LocalEulerAnglesHint.z
      value: 0
      objectReference: {fileID: 0}
    - target: {fileID: 6181047720963274236, guid: 8c441f368e096db4fb81495e19dfe9d2,
        type: 3}
      propertyPath: m_Name
      value: Wall 2x3 (3)
      objectReference: {fileID: 0}
    m_RemovedComponents: []
  m_SourcePrefab: {fileID: 100100000, guid: 8c441f368e096db4fb81495e19dfe9d2, type: 3}
--- !u!4 &6647681735204285854 stripped
Transform:
  m_CorrespondingSourceObject: {fileID: 2995467214032807074, guid: 8c441f368e096db4fb81495e19dfe9d2,
    type: 3}
  m_PrefabInstance: {fileID: 8490207643069385020}
  m_PrefabAsset: {fileID: 0}
--- !u!1001 &8490207643255264292
PrefabInstance:
  m_ObjectHideFlags: 0
  serializedVersion: 2
  m_Modification:
    m_TransformParent: {fileID: 8092275317570781689}
    m_Modifications:
    - target: {fileID: 2995467214032807074, guid: 8c441f368e096db4fb81495e19dfe9d2,
        type: 3}
      propertyPath: m_RootOrder
      value: 2
      objectReference: {fileID: 0}
    - target: {fileID: 2995467214032807074, guid: 8c441f368e096db4fb81495e19dfe9d2,
        type: 3}
      propertyPath: m_LocalPosition.x
      value: 0
      objectReference: {fileID: 0}
    - target: {fileID: 2995467214032807074, guid: 8c441f368e096db4fb81495e19dfe9d2,
        type: 3}
      propertyPath: m_LocalPosition.y
      value: 0
      objectReference: {fileID: 0}
    - target: {fileID: 2995467214032807074, guid: 8c441f368e096db4fb81495e19dfe9d2,
        type: 3}
      propertyPath: m_LocalPosition.z
      value: 12
      objectReference: {fileID: 0}
    - target: {fileID: 2995467214032807074, guid: 8c441f368e096db4fb81495e19dfe9d2,
        type: 3}
      propertyPath: m_LocalRotation.w
      value: 1
      objectReference: {fileID: 0}
    - target: {fileID: 2995467214032807074, guid: 8c441f368e096db4fb81495e19dfe9d2,
        type: 3}
      propertyPath: m_LocalRotation.x
      value: -0
      objectReference: {fileID: 0}
    - target: {fileID: 2995467214032807074, guid: 8c441f368e096db4fb81495e19dfe9d2,
        type: 3}
      propertyPath: m_LocalRotation.y
      value: -0
      objectReference: {fileID: 0}
    - target: {fileID: 2995467214032807074, guid: 8c441f368e096db4fb81495e19dfe9d2,
        type: 3}
      propertyPath: m_LocalRotation.z
      value: -0
      objectReference: {fileID: 0}
    - target: {fileID: 2995467214032807074, guid: 8c441f368e096db4fb81495e19dfe9d2,
        type: 3}
      propertyPath: m_LocalEulerAnglesHint.x
      value: 0
      objectReference: {fileID: 0}
    - target: {fileID: 2995467214032807074, guid: 8c441f368e096db4fb81495e19dfe9d2,
        type: 3}
      propertyPath: m_LocalEulerAnglesHint.y
      value: 0
      objectReference: {fileID: 0}
    - target: {fileID: 2995467214032807074, guid: 8c441f368e096db4fb81495e19dfe9d2,
        type: 3}
      propertyPath: m_LocalEulerAnglesHint.z
      value: 0
      objectReference: {fileID: 0}
    - target: {fileID: 6181047720963274236, guid: 8c441f368e096db4fb81495e19dfe9d2,
        type: 3}
      propertyPath: m_Name
      value: Wall 2x3 (1)
      objectReference: {fileID: 0}
    m_RemovedComponents: []
  m_SourcePrefab: {fileID: 100100000, guid: 8c441f368e096db4fb81495e19dfe9d2, type: 3}
--- !u!4 &6647681734979121286 stripped
Transform:
  m_CorrespondingSourceObject: {fileID: 2995467214032807074, guid: 8c441f368e096db4fb81495e19dfe9d2,
    type: 3}
  m_PrefabInstance: {fileID: 8490207643255264292}
  m_PrefabAsset: {fileID: 0}
