%YAML 1.1
%TAG !u! tag:unity3d.com,2011:
--- !u!1 &6181047720963274236
GameObject:
  m_ObjectHideFlags: 0
  m_CorrespondingSourceObject: {fileID: 0}
  m_PrefabInstance: {fileID: 0}
  m_PrefabAsset: {fileID: 0}
  serializedVersion: 6
  m_Component:
  - component: {fileID: 2995467214032807074}
  m_Layer: 0
  m_Name: Wall 2x3
  m_TagString: Untagged
  m_Icon: {fileID: 0}
  m_NavMeshLayer: 0
  m_StaticEditorFlags: 0
  m_IsActive: 1
--- !u!4 &2995467214032807074
Transform:
  m_ObjectHideFlags: 0
  m_CorrespondingSourceObject: {fileID: 0}
  m_PrefabInstance: {fileID: 0}
  m_PrefabAsset: {fileID: 0}
  m_GameObject: {fileID: 6181047720963274236}
  m_LocalRotation: {x: 0, y: 0, z: 0, w: 1}
  m_LocalPosition: {x: 0, y: 0, z: 3}
  m_LocalScale: {x: 1, y: 1, z: 1}
  m_Children:
  - {fileID: 8859217311592918886}
  - {fileID: 2825146284831040783}
  - {fileID: 4630698185943112669}
  - {fileID: 3104240668024371147}
  - {fileID: 2142425245658921152}
  - {fileID: 5927335569399041590}
  m_Father: {fileID: 0}
  m_RootOrder: 0
  m_LocalEulerAnglesHint: {x: 0, y: 0, z: 0}
--- !u!1001 &38852876158155837
PrefabInstance:
  m_ObjectHideFlags: 0
  serializedVersion: 2
  m_Modification:
    m_TransformParent: {fileID: 2995467214032807074}
    m_Modifications:
    - target: {fileID: 2863981429961868562, guid: 4f42672477f836a4281ef4c3bdfe6d05,
        type: 3}
      propertyPath: m_Name
      value: Wall_4m_Mesh (1)
      objectReference: {fileID: 0}
    - target: {fileID: 2863981429962234162, guid: 4f42672477f836a4281ef4c3bdfe6d05,
        type: 3}
      propertyPath: m_RootOrder
      value: 1
      objectReference: {fileID: 0}
    - target: {fileID: 2863981429962234162, guid: 4f42672477f836a4281ef4c3bdfe6d05,
        type: 3}
      propertyPath: m_LocalPosition.x
      value: -0
      objectReference: {fileID: 0}
    - target: {fileID: 2863981429962234162, guid: 4f42672477f836a4281ef4c3bdfe6d05,
        type: 3}
      propertyPath: m_LocalPosition.y
      value: 0
      objectReference: {fileID: 0}
    - target: {fileID: 2863981429962234162, guid: 4f42672477f836a4281ef4c3bdfe6d05,
        type: 3}
      propertyPath: m_LocalPosition.z
      value: 3
      objectReference: {fileID: 0}
    - target: {fileID: 2863981429962234162, guid: 4f42672477f836a4281ef4c3bdfe6d05,
        type: 3}
      propertyPath: m_LocalRotation.w
      value: 1
      objectReference: {fileID: 0}
    - target: {fileID: 2863981429962234162, guid: 4f42672477f836a4281ef4c3bdfe6d05,
        type: 3}
      propertyPath: m_LocalRotation.x
      value: 0
      objectReference: {fileID: 0}
    - target: {fileID: 2863981429962234162, guid: 4f42672477f836a4281ef4c3bdfe6d05,
        type: 3}
      propertyPath: m_LocalRotation.y
      value: -0
      objectReference: {fileID: 0}
    - target: {fileID: 2863981429962234162, guid: 4f42672477f836a4281ef4c3bdfe6d05,
        type: 3}
      propertyPath: m_LocalRotation.z
      value: -0
      objectReference: {fileID: 0}
    - target: {fileID: 2863981429962234162, guid: 4f42672477f836a4281ef4c3bdfe6d05,
        type: 3}
      propertyPath: m_LocalEulerAnglesHint.x
      value: 0
      objectReference: {fileID: 0}
    - target: {fileID: 2863981429962234162, guid: 4f42672477f836a4281ef4c3bdfe6d05,
        type: 3}
      propertyPath: m_LocalEulerAnglesHint.y
      value: 0
      objectReference: {fileID: 0}
    - target: {fileID: 2863981429962234162, guid: 4f42672477f836a4281ef4c3bdfe6d05,
        type: 3}
      propertyPath: m_LocalEulerAnglesHint.z
      value: 0
      objectReference: {fileID: 0}
    m_RemovedComponents: []
  m_SourcePrefab: {fileID: 100100000, guid: 4f42672477f836a4281ef4c3bdfe6d05, type: 3}
--- !u!4 &2825146284831040783 stripped
Transform:
  m_CorrespondingSourceObject: {fileID: 2863981429962234162, guid: 4f42672477f836a4281ef4c3bdfe6d05,
    type: 3}
  m_PrefabInstance: {fileID: 38852876158155837}
  m_PrefabAsset: {fileID: 0}
--- !u!1001 &912715180903706361
PrefabInstance:
  m_ObjectHideFlags: 0
  serializedVersion: 2
  m_Modification:
    m_TransformParent: {fileID: 2995467214032807074}
    m_Modifications:
    - target: {fileID: 2863981429961868562, guid: 4f42672477f836a4281ef4c3bdfe6d05,
        type: 3}
      propertyPath: m_Name
      value: Wall_4m_Mesh (3)
      objectReference: {fileID: 0}
    - target: {fileID: 2863981429962234162, guid: 4f42672477f836a4281ef4c3bdfe6d05,
        type: 3}
      propertyPath: m_RootOrder
      value: 3
      objectReference: {fileID: 0}
    - target: {fileID: 2863981429962234162, guid: 4f42672477f836a4281ef4c3bdfe6d05,
        type: 3}
      propertyPath: m_LocalPosition.x
      value: 0
      objectReference: {fileID: 0}
    - target: {fileID: 2863981429962234162, guid: 4f42672477f836a4281ef4c3bdfe6d05,
        type: 3}
      propertyPath: m_LocalPosition.y
      value: 4
      objectReference: {fileID: 0}
    - target: {fileID: 2863981429962234162, guid: 4f42672477f836a4281ef4c3bdfe6d05,
        type: 3}
      propertyPath: m_LocalPosition.z
      value: 0
      objectReference: {fileID: 0}
    - target: {fileID: 2863981429962234162, guid: 4f42672477f836a4281ef4c3bdfe6d05,
        type: 3}
      propertyPath: m_LocalRotation.w
      value: 1
      objectReference: {fileID: 0}
    - target: {fileID: 2863981429962234162, guid: 4f42672477f836a4281ef4c3bdfe6d05,
        type: 3}
      propertyPath: m_LocalRotation.x
      value: -0
      objectReference: {fileID: 0}
    - target: {fileID: 2863981429962234162, guid: 4f42672477f836a4281ef4c3bdfe6d05,
        type: 3}
      propertyPath: m_LocalRotation.y
      value: -0
      objectReference: {fileID: 0}
    - target: {fileID: 2863981429962234162, guid: 4f42672477f836a4281ef4c3bdfe6d05,
        type: 3}
      propertyPath: m_LocalRotation.z
      value: -0
      objectReference: {fileID: 0}
    - target: {fileID: 2863981429962234162, guid: 4f42672477f836a4281ef4c3bdfe6d05,
        type: 3}
      propertyPath: m_LocalEulerAnglesHint.x
      value: 0
      objectReference: {fileID: 0}
    - target: {fileID: 2863981429962234162, guid: 4f42672477f836a4281ef4c3bdfe6d05,
        type: 3}
      propertyPath: m_LocalEulerAnglesHint.y
      value: 0
      objectReference: {fileID: 0}
    - target: {fileID: 2863981429962234162, guid: 4f42672477f836a4281ef4c3bdfe6d05,
        type: 3}
      propertyPath: m_LocalEulerAnglesHint.z
      value: 0
      objectReference: {fileID: 0}
    m_RemovedComponents: []
  m_SourcePrefab: {fileID: 100100000, guid: 4f42672477f836a4281ef4c3bdfe6d05, type: 3}
--- !u!4 &3104240668024371147 stripped
Transform:
  m_CorrespondingSourceObject: {fileID: 2863981429962234162, guid: 4f42672477f836a4281ef4c3bdfe6d05,
    type: 3}
  m_PrefabInstance: {fileID: 912715180903706361}
  m_PrefabAsset: {fileID: 0}
--- !u!1001 &4180901241781674482
PrefabInstance:
  m_ObjectHideFlags: 0
  serializedVersion: 2
  m_Modification:
    m_TransformParent: {fileID: 2995467214032807074}
    m_Modifications:
    - target: {fileID: 2863981429961868562, guid: 4f42672477f836a4281ef4c3bdfe6d05,
        type: 3}
      propertyPath: m_Name
      value: Wall_4m_Mesh (4)
      objectReference: {fileID: 0}
    - target: {fileID: 2863981429962234162, guid: 4f42672477f836a4281ef4c3bdfe6d05,
        type: 3}
      propertyPath: m_RootOrder
      value: 4
      objectReference: {fileID: 0}
    - target: {fileID: 2863981429962234162, guid: 4f42672477f836a4281ef4c3bdfe6d05,
        type: 3}
      propertyPath: m_LocalPosition.x
      value: 0
      objectReference: {fileID: 0}
    - target: {fileID: 2863981429962234162, guid: 4f42672477f836a4281ef4c3bdfe6d05,
        type: 3}
      propertyPath: m_LocalPosition.y
      value: 4
      objectReference: {fileID: 0}
    - target: {fileID: 2863981429962234162, guid: 4f42672477f836a4281ef4c3bdfe6d05,
        type: 3}
      propertyPath: m_LocalPosition.z
      value: 3
      objectReference: {fileID: 0}
    - target: {fileID: 2863981429962234162, guid: 4f42672477f836a4281ef4c3bdfe6d05,
        type: 3}
      propertyPath: m_LocalRotation.w
      value: 1
      objectReference: {fileID: 0}
    - target: {fileID: 2863981429962234162, guid: 4f42672477f836a4281ef4c3bdfe6d05,
        type: 3}
      propertyPath: m_LocalRotation.x
      value: 0
      objectReference: {fileID: 0}
    - target: {fileID: 2863981429962234162, guid: 4f42672477f836a4281ef4c3bdfe6d05,
        type: 3}
      propertyPath: m_LocalRotation.y
      value: -0
      objectReference: {fileID: 0}
    - target: {fileID: 2863981429962234162, guid: 4f42672477f836a4281ef4c3bdfe6d05,
        type: 3}
      propertyPath: m_LocalRotation.z
      value: -0
      objectReference: {fileID: 0}
    - target: {fileID: 2863981429962234162, guid: 4f42672477f836a4281ef4c3bdfe6d05,
        type: 3}
      propertyPath: m_LocalEulerAnglesHint.x
      value: 0
      objectReference: {fileID: 0}
    - target: {fileID: 2863981429962234162, guid: 4f42672477f836a4281ef4c3bdfe6d05,
        type: 3}
      propertyPath: m_LocalEulerAnglesHint.y
      value: 0
      objectReference: {fileID: 0}
    - target: {fileID: 2863981429962234162, guid: 4f42672477f836a4281ef4c3bdfe6d05,
        type: 3}
      propertyPath: m_LocalEulerAnglesHint.z
      value: 0
      objectReference: {fileID: 0}
    m_RemovedComponents: []
  m_SourcePrefab: {fileID: 100100000, guid: 4f42672477f836a4281ef4c3bdfe6d05, type: 3}
--- !u!4 &2142425245658921152 stripped
Transform:
  m_CorrespondingSourceObject: {fileID: 2863981429962234162, guid: 4f42672477f836a4281ef4c3bdfe6d05,
    type: 3}
  m_PrefabInstance: {fileID: 4180901241781674482}
  m_PrefabAsset: {fileID: 0}
--- !u!1001 &6722929605021955668
PrefabInstance:
  m_ObjectHideFlags: 0
  serializedVersion: 2
  m_Modification:
    m_TransformParent: {fileID: 2995467214032807074}
    m_Modifications:
    - target: {fileID: 2863981429961868562, guid: 4f42672477f836a4281ef4c3bdfe6d05,
        type: 3}
      propertyPath: m_Name
      value: Wall_4m_Mesh
      objectReference: {fileID: 0}
    - target: {fileID: 2863981429962234162, guid: 4f42672477f836a4281ef4c3bdfe6d05,
        type: 3}
      propertyPath: m_RootOrder
      value: 0
      objectReference: {fileID: 0}
    - target: {fileID: 2863981429962234162, guid: 4f42672477f836a4281ef4c3bdfe6d05,
        type: 3}
      propertyPath: m_LocalPosition.x
      value: 0
      objectReference: {fileID: 0}
    - target: {fileID: 2863981429962234162, guid: 4f42672477f836a4281ef4c3bdfe6d05,
        type: 3}
      propertyPath: m_LocalPosition.y
      value: 0
      objectReference: {fileID: 0}
    - target: {fileID: 2863981429962234162, guid: 4f42672477f836a4281ef4c3bdfe6d05,
        type: 3}
      propertyPath: m_LocalPosition.z
      value: 0
      objectReference: {fileID: 0}
    - target: {fileID: 2863981429962234162, guid: 4f42672477f836a4281ef4c3bdfe6d05,
        type: 3}
      propertyPath: m_LocalRotation.w
      value: 1
      objectReference: {fileID: 0}
    - target: {fileID: 2863981429962234162, guid: 4f42672477f836a4281ef4c3bdfe6d05,
        type: 3}
      propertyPath: m_LocalRotation.x
      value: -0
      objectReference: {fileID: 0}
    - target: {fileID: 2863981429962234162, guid: 4f42672477f836a4281ef4c3bdfe6d05,
        type: 3}
      propertyPath: m_LocalRotation.y
      value: -0
      objectReference: {fileID: 0}
    - target: {fileID: 2863981429962234162, guid: 4f42672477f836a4281ef4c3bdfe6d05,
        type: 3}
      propertyPath: m_LocalRotation.z
      value: -0
      objectReference: {fileID: 0}
    - target: {fileID: 2863981429962234162, guid: 4f42672477f836a4281ef4c3bdfe6d05,
        type: 3}
      propertyPath: m_LocalEulerAnglesHint.x
      value: 0
      objectReference: {fileID: 0}
    - target: {fileID: 2863981429962234162, guid: 4f42672477f836a4281ef4c3bdfe6d05,
        type: 3}
      propertyPath: m_LocalEulerAnglesHint.y
      value: 0
      objectReference: {fileID: 0}
    - target: {fileID: 2863981429962234162, guid: 4f42672477f836a4281ef4c3bdfe6d05,
        type: 3}
      propertyPath: m_LocalEulerAnglesHint.z
      value: 0
      objectReference: {fileID: 0}
    m_RemovedComponents: []
  m_SourcePrefab: {fileID: 100100000, guid: 4f42672477f836a4281ef4c3bdfe6d05, type: 3}
--- !u!4 &8859217311592918886 stripped
Transform:
  m_CorrespondingSourceObject: {fileID: 2863981429962234162, guid: 4f42672477f836a4281ef4c3bdfe6d05,
    type: 3}
  m_PrefabInstance: {fileID: 6722929605021955668}
  m_PrefabAsset: {fileID: 0}
--- !u!1001 &7493264759183737583
PrefabInstance:
  m_ObjectHideFlags: 0
  serializedVersion: 2
  m_Modification:
    m_TransformParent: {fileID: 2995467214032807074}
    m_Modifications:
    - target: {fileID: 2863981429961868562, guid: 4f42672477f836a4281ef4c3bdfe6d05,
        type: 3}
      propertyPath: m_Name
      value: Wall_4m_Mesh (2)
      objectReference: {fileID: 0}
    - target: {fileID: 2863981429962234162, guid: 4f42672477f836a4281ef4c3bdfe6d05,
        type: 3}
      propertyPath: m_RootOrder
      value: 2
      objectReference: {fileID: 0}
    - target: {fileID: 2863981429962234162, guid: 4f42672477f836a4281ef4c3bdfe6d05,
        type: 3}
      propertyPath: m_LocalPosition.x
      value: -0
      objectReference: {fileID: 0}
    - target: {fileID: 2863981429962234162, guid: 4f42672477f836a4281ef4c3bdfe6d05,
        type: 3}
      propertyPath: m_LocalPosition.y
      value: 0
      objectReference: {fileID: 0}
    - target: {fileID: 2863981429962234162, guid: 4f42672477f836a4281ef4c3bdfe6d05,
        type: 3}
      propertyPath: m_LocalPosition.z
      value: -3
      objectReference: {fileID: 0}
    - target: {fileID: 2863981429962234162, guid: 4f42672477f836a4281ef4c3bdfe6d05,
        type: 3}
      propertyPath: m_LocalRotation.w
      value: 1
      objectReference: {fileID: 0}
    - target: {fileID: 2863981429962234162, guid: 4f42672477f836a4281ef4c3bdfe6d05,
        type: 3}
      propertyPath: m_LocalRotation.x
      value: 0
      objectReference: {fileID: 0}
    - target: {fileID: 2863981429962234162, guid: 4f42672477f836a4281ef4c3bdfe6d05,
        type: 3}
      propertyPath: m_LocalRotation.y
      value: -0
      objectReference: {fileID: 0}
    - target: {fileID: 2863981429962234162, guid: 4f42672477f836a4281ef4c3bdfe6d05,
        type: 3}
      propertyPath: m_LocalRotation.z
      value: -0
      objectReference: {fileID: 0}
    - target: {fileID: 2863981429962234162, guid: 4f42672477f836a4281ef4c3bdfe6d05,
        type: 3}
      propertyPath: m_LocalEulerAnglesHint.x
      value: 0
      objectReference: {fileID: 0}
    - target: {fileID: 2863981429962234162, guid: 4f42672477f836a4281ef4c3bdfe6d05,
        type: 3}
      propertyPath: m_LocalEulerAnglesHint.y
      value: 0
      objectReference: {fileID: 0}
    - target: {fileID: 2863981429962234162, guid: 4f42672477f836a4281ef4c3bdfe6d05,
        type: 3}
      propertyPath: m_LocalEulerAnglesHint.z
      value: 0
      objectReference: {fileID: 0}
    m_RemovedComponents: []
  m_SourcePrefab: {fileID: 100100000, guid: 4f42672477f836a4281ef4c3bdfe6d05, type: 3}
--- !u!4 &4630698185943112669 stripped
Transform:
  m_CorrespondingSourceObject: {fileID: 2863981429962234162, guid: 4f42672477f836a4281ef4c3bdfe6d05,
    type: 3}
  m_PrefabInstance: {fileID: 7493264759183737583}
  m_PrefabAsset: {fileID: 0}
--- !u!1001 &8501889703868864260
PrefabInstance:
  m_ObjectHideFlags: 0
  serializedVersion: 2
  m_Modification:
    m_TransformParent: {fileID: 2995467214032807074}
    m_Modifications:
    - target: {fileID: 2863981429961868562, guid: 4f42672477f836a4281ef4c3bdfe6d05,
        type: 3}
      propertyPath: m_Name
      value: Wall_4m_Mesh (5)
      objectReference: {fileID: 0}
    - target: {fileID: 2863981429962234162, guid: 4f42672477f836a4281ef4c3bdfe6d05,
        type: 3}
      propertyPath: m_RootOrder
      value: 5
      objectReference: {fileID: 0}
    - target: {fileID: 2863981429962234162, guid: 4f42672477f836a4281ef4c3bdfe6d05,
        type: 3}
      propertyPath: m_LocalPosition.x
      value: -0
      objectReference: {fileID: 0}
    - target: {fileID: 2863981429962234162, guid: 4f42672477f836a4281ef4c3bdfe6d05,
        type: 3}
      propertyPath: m_LocalPosition.y
      value: 4
      objectReference: {fileID: 0}
    - target: {fileID: 2863981429962234162, guid: 4f42672477f836a4281ef4c3bdfe6d05,
        type: 3}
      propertyPath: m_LocalPosition.z
      value: -3
      objectReference: {fileID: 0}
    - target: {fileID: 2863981429962234162, guid: 4f42672477f836a4281ef4c3bdfe6d05,
        type: 3}
      propertyPath: m_LocalRotation.w
      value: 1
      objectReference: {fileID: 0}
    - target: {fileID: 2863981429962234162, guid: 4f42672477f836a4281ef4c3bdfe6d05,
        type: 3}
      propertyPath: m_LocalRotation.x
      value: 0
      objectReference: {fileID: 0}
    - target: {fileID: 2863981429962234162, guid: 4f42672477f836a4281ef4c3bdfe6d05,
        type: 3}
      propertyPath: m_LocalRotation.y
      value: -0
      objectReference: {fileID: 0}
    - target: {fileID: 2863981429962234162, guid: 4f42672477f836a4281ef4c3bdfe6d05,
        type: 3}
      propertyPath: m_LocalRotation.z
      value: -0
      objectReference: {fileID: 0}
    - target: {fileID: 2863981429962234162, guid: 4f42672477f836a4281ef4c3bdfe6d05,
        type: 3}
      propertyPath: m_LocalEulerAnglesHint.x
      value: 0
      objectReference: {fileID: 0}
    - target: {fileID: 2863981429962234162, guid: 4f42672477f836a4281ef4c3bdfe6d05,
        type: 3}
      propertyPath: m_LocalEulerAnglesHint.y
      value: 0
      objectReference: {fileID: 0}
    - target: {fileID: 2863981429962234162, guid: 4f42672477f836a4281ef4c3bdfe6d05,
        type: 3}
      propertyPath: m_LocalEulerAnglesHint.z
      value: 0
      objectReference: {fileID: 0}
    m_RemovedComponents: []
  m_SourcePrefab: {fileID: 100100000, guid: 4f42672477f836a4281ef4c3bdfe6d05, type: 3}
--- !u!4 &5927335569399041590 stripped
Transform:
  m_CorrespondingSourceObject: {fileID: 2863981429962234162, guid: 4f42672477f836a4281ef4c3bdfe6d05,
    type: 3}
  m_PrefabInstance: {fileID: 8501889703868864260}
  m_PrefabAsset: {fileID: 0}
